@inproceedings{roesler2013eyestate,
  author = {Roesler, Oliver and Suendermann, David},
  year = {2013},
  title = {A first step towards eye state prediction using EEG},
  booktitle = {International Conference on Applied Informatics for Health and Life Sciences},
  address = {Istanbul, Turkey},
  month = {January},
  note = {Classification error rate of 2.7\% using KStar classifier},
  url = {http://ehrai.com/su/pdf/aihls2013.pdf}
}

@article{singla2011comparison,
  author = {Singla, R. and Singh, A. and Jha, S.},
  year = {2011},
  title = {Comparison of SVM and ANN for classification of eye events in EEG},
  journal = {Journal of Biomedical Science and Engineering}, 
  volume = {4},
  number = {1},
  pages = {62--69}, 
  doi = {10.4236/jbise.2011.41008}, 
  publisher = {Scientific Research}
}


@article{sabanci2015classification,
  author = {Sabanci, Kadir and Koklu, Murat},
  year = {2015},
  title = {The classification of eye state by using kNN and MLP classification models according to the EEG signals},
  journal = {International Journal of Intelligent Systems and Applications in Engineering},
  volume = {3},
  number = {4},
  pages = {127--130}
}

@misc{uci_eeg_eyestate,
  author = {{UCI Machine Learning Repository}},
  year = {2013},
  title = {EEG Eye State},
  publisher = {UCI Machine Learning Repository},
  url = {https://archive.ics.uci.edu/dataset/264/eeg+eye+state},
  note = {Accessed on April 27, 2025} 
}

@article{ma2020eeg,
  title={EEG-based eye state prediction using feature interactions and LSTM networks},
  author={Ma, Jian and Gao, Lin},
  journal={IEEE Access},
  volume={8},
  pages={163651--163659},
  year={2020},
  publisher={IEEE},
  doi={10.1109/ACCESS.2020.3022061}
}

@article{wang2014eye,
  title={Eye state recognition from EEG data using incremental attribute learning},
  author={Wang, Y. and Chen, X. and Zhang, Y.},
  journal={Computational and Mathematical Methods in Medicine},
  volume={2014},
  pages={1--10},
  year={2014},
  publisher={Hindawi},
  doi={10.1155/2014/365101}
}

@article{sturm2016interpretable,
  title={Interpretable deep neural networks for single-trial EEG classification},
  author={Sturm, Irene and Lapuschkin, Sebastian and Samek, Wojciech and M{\"u}ller, Klaus-Robert},
  journal={Journal of Neuroscience Methods},
  volume={274},
  pages={141--145},
  year={2016},
  doi={10.1016/j.jneumeth.2016.10.008}
}

@article{weng2023attention,
  title={Attention-based interpretable deep learning for EEG classification},
  author={Weng, Lei and Xu, Xiaofeng and He, Yuan},
  journal={arXiv preprint arXiv:2308.05768},
  year={2023},
  url={https://arxiv.org/abs/2308.05768}
}


@Manual{R-base,
  title = {R: A Language and Environment for Statistical Computing},
  author = {{R Core Team}},
  organization = {R Foundation for Statistical Computing},
  address = {Vienna, Austria},
  year = {2024},
  url = {https://www.R-project.org/},
}
@Manual{R-papaja,
  title = {{papaja}: {Prepare} reproducible {APA} journal articles with {R Markdown}},
  author = {Frederik Aust and Marius Barth},
  year = {2024},
  note = {R package version 0.1.3},
  url = {https://github.com/crsh/papaja},
  doi = {10.32614/CRAN.package.papaja},
}
@Manual{R-tinylabels,
  title = {{tinylabels}: Lightweight variable labels},
  author = {Marius Barth},
  year = {2025},
  note = {R package version 0.2.5},
  url = {https://cran.r-project.org/package=tinylabels},
  doi = {10.32614/CRAN.package.tinylabels},
}
